@Book{Vatveev,
 author    = {Матвеев А. Н.},
 title     = {Электричество и магнетизм: Учебное пособие},
 publisher = {Высшая школа},
 year      = 1983,
 address   = Москва,
 pages     = 463,
 language  = russian
}
@Book{Sivuhin,
 author    = {Сивухин Д. В.},
 title     = {Общий курс физики},
 publisher = {Высшая школа},
 year      = 1989,
 address   = Москва,
 pages     = 497,
 language  = russian,
 volume    = {III. Электричество.}
}